<?xml version="1.0" encoding="UTF-8"?><collection xmlns="http://www.loc.gov/MARC21/slim"><record><leader>00397nam--2200145-i-4500</leader><controlfield tag="001">000032331</controlfield><controlfield tag="002">20161230</controlfield><controlfield tag="005">20161230201039</controlfield><controlfield tag="008">060222s1000------------r-----000-0-eng-d</controlfield><datafield ind1=" " ind2=" " tag="040"><subfield code="a">IFIN-HH</subfield></datafield><datafield ind1=" " ind2=" " tag="100"><subfield code="a">Mineur, H</subfield></datafield><datafield ind1=" " ind2=" " tag="245"><subfield code="a">Techniques de calcul numerique a l`usage des mathematiciens ..</subfield></datafield><datafield ind1=" " ind2=" " tag="260"><subfield code="a">PARIS, BERANGER, 1952, XXI + 605 p</subfield></datafield><datafield ind1=" " ind2=" " tag="852"><subfield code="a">12247</subfield><subfield code="c">518.12</subfield></datafield><datafield ind1=" " ind2=" " tag="CAT"><subfield code="a">Sys</subfield><subfield code="c">20090618</subfield><subfield code="h">092234</subfield></datafield></record></collection>